<record><leader>00000cas a22000007a 4500</leader><controlfield tag="001">22251938</controlfield><controlfield tag="008">900821c19899999mouwr ne      0    0eng d</controlfield><datafield ind1=" " ind2=" " tag="010"><subfield code="a">sn 90073110 </subfield></datafield><datafield ind1=" " ind2=" " tag="040"><subfield code="a">MQN</subfield><subfield code="b">eng</subfield><subfield code="c">MQN</subfield><subfield code="d">OCLCQ</subfield></datafield><datafield ind1=" " ind2=" " tag="042"><subfield code="a">msc</subfield></datafield><datafield ind1="0" ind2=" " tag="130"><subfield code="a">Excelsior (Lancaster, Mo. : 1989)</subfield></datafield><datafield ind1="1" ind2="4" tag="245"><subfield code="a">The excelsior.</subfield></datafield><datafield ind1=" " ind2=" " tag="260"><subfield code="a">Lancaster, Mo. :</subfield><subfield code="b">Excelsior Newspaper, Inc.,</subfield><subfield code="c">1989-</subfield></datafield><datafield ind1=" " ind2=" " tag="300"><subfield code="a">v.</subfield></datafield><datafield ind1=" " ind2=" " tag="310"><subfield code="a">Weekly</subfield></datafield><datafield ind1="0" ind2=" " tag="362"><subfield code="a">Vol. 124, no. 4 (Apr. 19, 1989)-</subfield></datafield><datafield ind1=" " ind2=" " tag="752"><subfield code="a">United States</subfield><subfield code="b">Missouri</subfield><subfield code="c">Schuyler</subfield><subfield code="d">Lancaster.</subfield></datafield><datafield ind1="0" ind2="0" tag="780"><subfield code="t">Lancaster excelsior (Lancaster, Mo. : 1969)</subfield><subfield code="w">(DLC)sn 89067126</subfield></datafield></record>